@article{Diehl2008,
archivePrefix = {arXiv},
arxivId = {arXiv:astro-ph/0512074v1},
author = {Diehl, Steven and Statler, Thomas S},
eprint = {0512074v1},
file = {:home/crhea/Dropbox/UdeM/ResearchPapers/Modelling/WVT/WVTAlgo.pdf:pdf},
keywords = {clusters,data analysis,galaxies,general,image processing,ism,methods,supernova remnants,techniques,x-rays},
number = {February},
pages = {1--14},
primaryClass = {arXiv:astro-ph},
title = {{Adaptive Binning of X-ray data with Weighted Voronoi Tesselations}},
volume = {14},
year = {2008}
}
@article{Sanders2018,
archivePrefix = {arXiv},
arxivId = {arXiv:astro-ph/0011500v2},
author = {Sanders, J S and Fabian, A C},
eprint = {0011500v2},
file = {:home/crhea/Dropbox/UdeM/ResearchPapers/Modelling/WVT/SandersFabian2001.pdf:pdf},
keywords = {clusters,cooling flows,galaxies,general,image processing,intergalactic medium,techniques,x-rays},
number = {May},
primaryClass = {arXiv:astro-ph},
title = {{Adaptive binning of X-ray galaxy cluster images}},
volume = {000},
year = {2018}
}
@article{Copin2018,
archivePrefix = {arXiv},
arxivId = {arXiv:astro-ph/0302262v1},
author = {Copin, Yannick},
eprint = {0302262v1},
file = {:home/crhea/Dropbox/UdeM/ResearchPapers/Modelling/WVT/CC03.pdf:pdf},
keywords = {data analysis,methods,photometric,spec-,techniques},
number = {January},
pages = {1--10},
primaryClass = {arXiv:astro-ph},
title = {{Adaptive spatial binning of integral-field spectroscopic data using Voronoi tessellations}},
volume = {10},
year = {2018}
}
