@article{Santos2018,
archivePrefix = {arXiv},
arxivId = {arXiv:1008.0754v1},
author = {Santos, J S and Tozzi, P and Rosati, P},
eprint = {arXiv:1008.0754v1},
file = {:home/crhea/Dropbox/UdeM/ResearchPapers/SurfaceBrightness/1008.0754.pdf:pdf},
keywords = {galaxy clusters - cosmology,galaxy clusters - high,observations - x-rays,redshift},
number = {2005},
pages = {1--14},
title = {{The evolution of cool-core clusters}},
year = {2018}
}
@article{Santos2018a,
archivePrefix = {arXiv},
arxivId = {arXiv:0802.1445v1},
author = {Santos, Joana S and Rosati, Piero and Tozzi, Paolo and Hans, B and Ettori, Stefano and Bignamini, Andrea},
eprint = {arXiv:0802.1445v1},
file = {:home/crhea/Dropbox/UdeM/ResearchPapers/SurfaceBrightness/Santos2008.pdf:pdf},
keywords = {galaxy clusters - cosmology,galaxy clusters - high,observations - x-rays,redshift},
number = {cc},
pages = {1--14},
title = {{Searching for Cool Core Clusters at High redshift}},
year = {2018}
}
@article{Semler2012,
archivePrefix = {arXiv},
arxivId = {arXiv:1208.3368v3},
author = {Semler, D R and Suhada, R and Aird, K A and Ashby, M L N and Bautz, M and Bayliss, M and Bazin, G and Bocquet, S and Benson, B A and Bleem, L E and Brodwin, M and Carlstrom, J E and Chang, C L and Cho, H M and Clocchiatti, A and Crawford, T M and Crites, A T and Haan, T De and Desai, S and Dobbs, M A and Dudley, J P and Foley, R J and George, E M and Gladders, M D and Gonzalez, A H and Halverson, N W and Harrington, N L and High, F W and Holder, G P and Holzapfel, W L and Hoover, S and Hrubes, J D and Jones, C and Joy, M and Keisler, R and Knox, L and Lee, A T and Leitch, E M and Liu, J and Lueker, M and Mantz, A and Marrone, D P and Mcdonald, M and Mcmahon, J J and Mehl, J and Meyer, S S and Mocanu, L and Mohr, J J and Montroy, T E and Murray, S S and Natoli, T and Padin, S and Plagge, T and Pryke, C and Reichardt, C L and Rest, A and Ruel, J and Ruhl, J E and Saliwanchik, B R and Saro, A and Sayre, J T and Schaffer, K K and Shaw, L and Shirokoff, E and Song, J and Spieler, H G and Stalder, B and Staniszewski, Z and Stark, A A and Story, K and Stubbs, C W and Engelen, A Van and Vanderlinde, K and Vieira, J D and Vikhlinin, A and Williamson, R and Zahn, O and Zenteno, A},
eprint = {arXiv:1208.3368v3},
file = {:home/crhea/Dropbox/UdeM/ResearchPapers/SurfaceBrightness/High-Redshift{\_}Cool-Core{\_}Galaxy{\_}Clusters{\_}Detected{\_}v.pdf:pdf},
title = {{High-redshift cool-core galaxy clusters detected via the sunyaevâ€“zel'dovich effect in the south pole telescope survey 1}},
year = {2012}
}
